<record><leader>00000cas a2200000 a 4500</leader><controlfield tag="001">21927018</controlfield><controlfield tag="008">900627d18491918nyuwr ne      0    0eng c</controlfield><datafield ind1=" " ind2=" " tag="010"><subfield code="a">sn 90057172 </subfield></datafield><datafield ind1=" " ind2=" " tag="040"><subfield code="a">MFN</subfield><subfield code="b">eng</subfield><subfield code="c">MFN</subfield><subfield code="d">DLC</subfield><subfield code="d">NYS</subfield><subfield code="d">RHN</subfield><subfield code="d">YOX</subfield><subfield code="d">RHN</subfield><subfield code="d">HUL</subfield><subfield code="d">CVF</subfield><subfield code="d">OCL</subfield><subfield code="d">CVF</subfield><subfield code="d">KRTAS</subfield><subfield code="d">DLC</subfield><subfield code="d">OCLCQ</subfield><subfield code="d">OCLCF</subfield><subfield code="d">OCLCO</subfield></datafield><datafield ind1="1" ind2=" " tag="029"><subfield code="a">AU@</subfield><subfield code="b">000007598292</subfield></datafield><datafield ind1=" " ind2=" " tag="042"><subfield code="a">pcc</subfield></datafield><datafield ind1=" " ind2=" " tag="043"><subfield code="a">n-us-ny</subfield></datafield><datafield ind1="0" ind2="0" tag="050"><subfield code="a">Newspaper</subfield></datafield><datafield ind1="0" ind2=" " tag="130"><subfield code="a">New-York freeman's journal and Catholic register (New York, N.Y. : 1849)</subfield></datafield><datafield ind1="1" ind2="0" tag="245"><subfield code="a">New-York freeman's journal and Catholic register.</subfield></datafield><datafield ind1="1" ind2=" " tag="246"><subfield code="i">Issues for July 4, 1857-Aug. 24, 1861, and Apr. 18, 1863-Apr. 15, 1865 published as:</subfield><subfield code="a">New-York freeman's journal &amp; Catholic register</subfield></datafield><datafield ind1="1" ind2=" " tag="246"><subfield code="i">Issues for Apr. 19, 1862-Apr. 11, 1863 published as:</subfield><subfield code="a">Freeman's journal and Catholic register</subfield></datafield><datafield ind1=" " ind2=" " tag="260"><subfield code="a">New-York [N.Y.] :</subfield><subfield code="b">J.A. McMaster,</subfield><subfield code="c">1849-1918.</subfield></datafield><datafield ind1=" " ind2=" " tag="300"><subfield code="a">v. ;</subfield><subfield code="c">57 cm.</subfield></datafield><datafield ind1=" " ind2=" " tag="310"><subfield code="a">Weekly</subfield></datafield><datafield ind1="0" ind2=" " tag="362"><subfield code="a">Vol. 10, no. 1 (July 7, 1849)-v. 49, no. 52 (Feb. 16, 1889) ; 50th year, no. 1 (Feb. 23, 1889)-78th year (July 4, 1918).</subfield></datafield><datafield ind1=" " ind2=" " tag="515"><subfield code="a">Issues for July 7, 1849-June 26, 1852 called also new ser. Issues for July 3, 1852-July 7, 1853 called also v. 4 of new ser. Issues for July 14, 1853-June 23, 1860 called also v. 1 of 3rd ser.-v. 6 of 3rd ser.</subfield></datafield><datafield ind1=" " ind2=" " tag="515"><subfield code="a">Suspended Aug. 24, 1861; resumed with Apr. 19, 1862 issue.</subfield></datafield><datafield ind1=" " ind2=" " tag="515"><subfield code="a">Issues between May 25 and July 4, 1918 not distributed.</subfield></datafield><datafield ind1=" " ind2=" " tag="530"><subfield code="a">Also issued on microfilm from Great Lakes Microfilm Co., Chicago, IL.</subfield></datafield><datafield ind1=" " ind2=" " tag="580"><subfield code="a">Semiweekly ed.: New York freeman's journal (New York, N.Y. : 1853), &lt;1853-1854&gt;.</subfield></datafield><datafield ind1=" " ind2=" " tag="580"><subfield code="a">Published during suspension: New York freeman's appeal, &lt;1861&gt;.</subfield></datafield><datafield ind1=" " ind2="0" tag="650"><subfield code="a">Catholics</subfield><subfield code="z">New York (State)</subfield><subfield code="z">New York</subfield><subfield code="v">Newspapers.</subfield></datafield><datafield ind1=" " ind2="0" tag="650"><subfield code="a">Irish Americans</subfield><subfield code="z">New York (State)</subfield><subfield code="z">New York</subfield><subfield code="v">Newspapers.</subfield></datafield><datafield ind1=" " ind2="0" tag="651"><subfield code="a">New York (N.Y.)</subfield><subfield code="v">Newspapers.</subfield></datafield><datafield ind1=" " ind2="7" tag="655"><subfield code="a">Newspapers.</subfield><subfield code="2">fast</subfield><subfield code="0">(OCoLC)fst01423814</subfield></datafield><datafield ind1=" " ind2="7" tag="650"><subfield code="a">Catholics.</subfield><subfield code="2">fast</subfield><subfield code="0">(OCoLC)fst00849297</subfield></datafield><datafield ind1=" " ind2="7" tag="650"><subfield code="a">Irish Americans.</subfield><subfield code="2">fast</subfield><subfield code="0">(OCoLC)fst00978933</subfield></datafield><datafield ind1=" " ind2="7" tag="651"><subfield code="a">New York (State)</subfield><subfield code="z">New York.</subfield><subfield code="2">fast</subfield><subfield code="0">(OCoLC)fst01204333</subfield></datafield><datafield ind1=" " ind2=" " tag="752"><subfield code="a">United States</subfield><subfield code="b">New York</subfield><subfield code="c">New York</subfield><subfield code="d">New York.</subfield></datafield><datafield ind1="1" ind2=" " tag="775"><subfield code="t">New York freeman's journal (New York, N.Y. : 1853)</subfield><subfield code="w">(DLC)sn 90057174</subfield><subfield code="w">(OCoLC)21926985</subfield></datafield><datafield ind1="0" ind2="0" tag="780"><subfield code="t">Freeman's journal and Catholic register</subfield><subfield code="w">(DLC)sn 90057171</subfield><subfield code="w">(OCoLC)21927005</subfield></datafield><datafield ind1="0" ind2="5" tag="780"><subfield code="t">New York freeman's appeal</subfield><subfield code="w">(DLC)sn 92061845</subfield><subfield code="w">(OCoLC)25920924</subfield></datafield><datafield ind1=" " ind2=" " tag="938"><subfield code="a">Kirtas Technologies, Inc.</subfield><subfield code="b">KRTS</subfield><subfield code="n">740400</subfield></datafield></record>